<record><leader>01946cam a2200469 i 4500</leader><controlfield tag="001">6815478</controlfield><controlfield tag="003">OCoLC</controlfield><controlfield tag="005">20150220121919.0</controlfield><controlfield tag="008">140707t20152015cau           001 0 eng  </controlfield><datafield ind1=" " ind2=" " tag="010"><subfield code="a">  2014025491</subfield></datafield><datafield ind1=" " ind2=" " tag="020"><subfield code="a">9781413321128</subfield><subfield code="q">pbk.</subfield></datafield><datafield ind1=" " ind2=" " tag="020"><subfield code="a">1413321127</subfield><subfield code="q">pbk.</subfield></datafield><datafield ind1=" " ind2=" " tag="020"><subfield code="z">9781413321135</subfield><subfield code="q">epub ebook</subfield></datafield><datafield ind1=" " ind2=" " tag="035"><subfield code="a">ocn881041521</subfield></datafield><datafield ind1=" " ind2=" " tag="037"><subfield code="a">1381868</subfield><subfield code="b">QBI</subfield></datafield><datafield ind1=" " ind2=" " tag="040"><subfield code="a">DLC</subfield><subfield code="b">eng</subfield><subfield code="e">rda</subfield><subfield code="c">DLC</subfield><subfield code="d">QBX</subfield><subfield code="d">BTCTA</subfield><subfield code="d">BDX</subfield><subfield code="d">OCLCF</subfield><subfield code="d">CDX</subfield><subfield code="d">UAB</subfield><subfield code="d">AEU</subfield></datafield><datafield ind1=" " ind2=" " tag="042"><subfield code="a">pcc</subfield></datafield><datafield ind1=" " ind2=" " tag="043"><subfield code="a">n-us---</subfield></datafield><datafield ind1="0" ind2="0" tag="050"><subfield code="a">HF5549.5.P39</subfield><subfield code="b">G84 2015</subfield></datafield><datafield ind1="0" ind2="0" tag="082"><subfield code="a">651.7</subfield><subfield code="2">23</subfield></datafield><datafield ind1="1" ind2="4" tag="082"><subfield code="a">651.7</subfield><subfield code="2">15</subfield></datafield><datafield ind1=" " ind2=" " tag="090"><subfield code="a">HF 5549.5 P39 G84 2015</subfield><subfield code="b">AEU</subfield></datafield><datafield ind1="1" ind2=" " tag="100"><subfield code="a">Guerin, Lisa,</subfield><subfield code="d">1964-</subfield><subfield code="e">author.</subfield></datafield><datafield ind1="1" ind2="0" tag="245"><subfield code="a">Smart policies for workplace technologies :</subfield><subfield code="b">email, blogs, cell phones &amp; more /</subfield><subfield code="c">Lisa Guerin, J.D.</subfield></datafield><datafield ind1=" " ind2=" " tag="250"><subfield code="a">Fourth edition.</subfield></datafield><datafield ind1=" " ind2="1" tag="264"><subfield code="a">Berkeley, California :</subfield><subfield code="b">NOLO,</subfield><subfield code="c">2015.</subfield></datafield><datafield ind1=" " ind2="4" tag="264"><subfield code="c">&#169;2015</subfield></datafield><datafield ind1=" " ind2=" " tag="300"><subfield code="a">244 pages ;</subfield><subfield code="c">23 cm</subfield></datafield><datafield ind1=" " ind2=" " tag="336"><subfield code="a">text</subfield><subfield code="b">txt</subfield><subfield code="2">rdacontent</subfield></datafield><datafield ind1=" " ind2=" " tag="337"><subfield code="a">unmediated</subfield><subfield code="b">n</subfield><subfield code="2">rdamedia</subfield></datafield><datafield ind1=" " ind2=" " tag="338"><subfield code="a">volume</subfield><subfield code="b">nc</subfield><subfield code="2">rdacarrier</subfield></datafield><datafield ind1=" " ind2=" " tag="500"><subfield code="a">Includes index.</subfield></datafield><datafield ind1="0" ind2=" " tag="505"><subfield code="a">Drafting effective technology policies -- Computers and software -- Email -- Internet use -- Instant messaging -- Social media, blogs, and beyond : personal posting on the internet -- Company-sponsored social media -- Cell phones -- Portable computing devices : smart phones, laptops, tablets, and beyond -- Cameras and recording devices -- Using the interactive forms -- Editing RTFs -- List of forms.</subfield></datafield><datafield ind1=" " ind2=" " tag="596"><subfield code="a">43</subfield></datafield><datafield ind1=" " ind2="0" tag="650"><subfield code="a">Personal Internet use in the workplace.</subfield></datafield><datafield ind1=" " ind2="0" tag="650"><subfield code="a">Business enterprises</subfield><subfield code="x">Computer networks</subfield><subfield code="x">Security measures.</subfield></datafield><datafield ind1=" " ind2="0" tag="650"><subfield code="a">Telecommunication.</subfield></datafield><datafield ind1=" " ind2="0" tag="650"><subfield code="a">Blogs.</subfield></datafield><datafield ind1=" " ind2="0" tag="650"><subfield code="a">Personnel management.</subfield></datafield><datafield ind1=" " ind2="0" tag="650"><subfield code="a">Labor laws and legislation</subfield><subfield code="z">United States.</subfield></datafield><datafield ind1=" " ind2=" " tag="949"><subfield code="a">HF 5549.5 P39 G84 2015</subfield><subfield code="h">UAHS-B</subfield><subfield code="i">0162035249877</subfield></datafield><datafield ind1=" " ind2=" " tag="926"><subfield code="a">HF 5549.5 P39 G84 2015</subfield><subfield code="w">LC</subfield><subfield code="c">1</subfield><subfield code="i">0162035249877</subfield><subfield code="l">ON_SHELF</subfield><subfield code="m">UAHSS</subfield><subfield code="p">$150.00</subfield><subfield code="r">Y</subfield><subfield code="s">Y</subfield><subfield code="t">BOOK</subfield><subfield code="u">3/4/2015</subfield></datafield></record>